<?xml version="1.0" encoding="UTF-8"?><record xmlns="http://www.loc.gov/MARC21/slim" xmlns:cinclude="http://apache.org/cocoon/include/1.0" xmlns:zs="http://www.loc.gov/zing/srw/">
  <leader>01280cz  a2200253n  4500</leader>
  <controlfield tag="001">n  91022619 </controlfield>
  <controlfield tag="003">DLC</controlfield>
  <controlfield tag="005">20080910080701.0</controlfield>
  <controlfield tag="008">910305n| acannaabn          |b aaa      </controlfield>
  <datafield tag="010" ind1=" " ind2=" ">
    <subfield code="a">n  91022619 </subfield>
  </datafield>
  <datafield tag="035" ind1=" " ind2=" ">
    <subfield code="a">(OCoLC)oca02906433</subfield>
  </datafield>
  <datafield tag="040" ind1=" " ind2=" ">
    <subfield code="a">DLC</subfield>
    <subfield code="b">eng</subfield>
    <subfield code="c">DLC</subfield>
    <subfield code="d">DLC</subfield>
    <subfield code="d">OCoLC</subfield>
    <subfield code="d">DLC</subfield>
    <subfield code="d">OCoLC</subfield>
  </datafield>
  <datafield tag="100" ind1="1" ind2=" ">
    <subfield code="a">Pomerantz, Rachel</subfield>
  </datafield>
  <datafield tag="400" ind1="1" ind2=" ">
    <subfield code="a">Pomerants, Raḥel</subfield>
  </datafield>
  <datafield tag="400" ind1="1" ind2=" ">
    <subfield code="a">Kramer-Schaps, Mary</subfield>
  </datafield>
  <datafield tag="400" ind1="1" ind2=" ">
    <subfield code="a">Schaps, Mary Kramer-</subfield>
  </datafield>
  <datafield tag="400" ind1="1" ind2=" ">
    <subfield code="a">פומרנץ, רחל</subfield>
  </datafield>
  <datafield tag="500" ind1="1" ind2=" ">
    <subfield code="a">Schaps, Mary Elizabeth</subfield>
  </datafield>
  <datafield tag="667" ind1=" " ind2=" ">
    <subfield code="a">Machine-derived non-Latin script reference project.</subfield>
  </datafield>
  <datafield tag="667" ind1=" " ind2=" ">
    <subfield code="a">Non-Latin script reference not evaluated.</subfield>
  </datafield>
  <datafield tag="670" ind1=" " ind2=" ">
    <subfield code="a">Her Wildflowers, c1989:</subfield>
    <subfield code="b">t.p. (Rachel Pomerantz) jkt. (resides in Israel)</subfield>
  </datafield>
  <datafield tag="670" ind1=" " ind2=" ">
    <subfield code="a">Info. from Tech. Serv./Ref. librarian, Swarthmore College, 7/7/94</subfield>
    <subfield code="b">(Rachel Pomerantz is the pen name of Mary Kramer-Schaps, who graduated from Swarthmore College in 1969)</subfield>
  </datafield>
  <datafield tag="670" ind1=" " ind2=" ">
    <subfield code="a">Email from MH, June 15, 2007</subfield>
    <subfield code="b">(email from author's husband: the correct name is not "May" but Mary Kramer Schaps; she goes more usually by the name Mary Elizabeth Schaps, her maiden name)</subfield>
  </datafield>
  <datafield tag="675" ind1=" " ind2=" ">
    <subfield code="a">OCLC #76998122: Her Non-singular deformations of space curves, using determinantal schemes, 1972 (hdg.: Schaps, Mary Elizabeth [Thesis (Ph. D.)--Harvard University, 1972])</subfield>
  </datafield>
</record>